<?xml version="1.0" encoding="UTF-8"?><collection xmlns="http://www.loc.gov/MARC21/slim"><record><leader>00743nam--2200217-u-4500</leader><controlfield tag="001">000050467</controlfield><controlfield tag="002">20161230</controlfield><controlfield tag="003">81845</controlfield><controlfield tag="005">20161230201048</controlfield><controlfield tag="008">070323s1000------------r-----000-0-eng-d</controlfield><datafield ind1=" " ind2=" " tag="020"><subfield code="a">0-7923-6930-0</subfield></datafield><datafield ind1=" " ind2=" " tag="040"><subfield code="a">IFIN-HH</subfield></datafield><datafield ind1=" " ind2=" " tag="041"><subfield code="a">eng</subfield></datafield><datafield ind1="1" ind2=" " tag="100"><subfield code="a">Maeda,Yoshiaki., Moriyoshi,Hitoshi., Omori,Hideki., Sternheimer,Daniel., Tate,Tatsuya., Watamura,Satoshi (Eds.)</subfield></datafield><datafield ind1="1" ind2="0" tag="245"><subfield code="a">Noncomutative Differential Geometry and Its Applications to Physics. Proceedings of the Workshop at Shonan, Japan, June 1999</subfield></datafield><datafield ind1=" " ind2=" " tag="260"><subfield code="a">Dordrecht</subfield><subfield code="b">Kluwer Academic Publishers</subfield><subfield code="c">2001</subfield></datafield><datafield ind1=" " ind2=" " tag="300"><subfield code="a">306 p</subfield></datafield><datafield ind1=" " ind2=" " tag="490"><subfield code="a">Mathematical Physics Studies</subfield></datafield><datafield ind1=" " ind2="4" tag="650"><subfield code="a">Differential Geometry</subfield></datafield><datafield ind1=" " ind2=" " tag="852"><subfield code="a">81845</subfield><subfield code="c">513.73</subfield></datafield><datafield ind1=" " ind2=" " tag="CAT"><subfield code="a">Sys</subfield><subfield code="c">20080924</subfield><subfield code="h">092151</subfield></datafield></record></collection>